@article{SchemeBasedConceptInvention,
title = "Scheme-based theorem discovery and concept invention",
journal = "Expert Systems with Applications",
volume = "39",
number = "2",
pages = "1637 - 1646",
year = "2012",
issn = "0957-4174",
doi = "http://dx.doi.org/10.1016/j.eswa.2011.06.055",
url = "http://www.sciencedirect.com/science/article/pii/S0957417411009559",
author = "Omar Montano-Rivas and Roy McCasland and Lucas Dixon and Alan Bundy",
}


@article{ConjectureSynthesis,
year={2011},
issn={0168-7433},
journal={Journal of Automated Reasoning},
volume={47},
number={3},
doi={10.1007/s10817-010-9193-y},
title="{Conjecture Synthesis for Inductive Theories}",
url={http://dx.doi.org/10.1007/s10817-010-9193-y},
publisher={Springer Netherlands},
author={Johansson, Moa and Dixon, Lucas and Bundy, Alan},
pages={251-289},
language={English}
}

@incollection{SchemeBasedSynthesis,
year={2010},
isbn={978-3-642-16760-7},
booktitle={Advances in Artificial Intelligence},
volume={6437},
series={Lecture Notes in Computer Science},
editor={Sidorov, Grigori and Hernández Aguirre, Arturo and Reyes García, CarlosAlberto},
doi={10.1007/978-3-642-16761-4_31},
title="{Scheme-Based Synthesis of Inductive Theories}",
url={http://dx.doi.org/10.1007/978-3-642-16761-4_31},
publisher={Springer Berlin Heidelberg},
keywords={Mathematical theory exploration; schemes; theorem proving; term rewriting; termination},
author={Montano-Rivas, Omar and McCasland, Roy and Dixon, Lucas and Bundy, Alan},
pages={348-361},
language={English}
}

@book{PaschText,
  title="{Vorlesungen {\"U}ber Neuere Geometrie}",
  author={Pasch, M.},
  isbn={9781141459681},
  url={http://books.google.co.uk/books?id=Dbc7QwAACAAJ},
  year={2010},
  publisher={BiblioBazaar}
}

@article{QuantifierEliminationComplexity,
title = "Real quantifier elimination is doubly exponential ",
journal = "Journal of Symbolic Computation ",
volume = "5",
number = "1–2",
pages = "29 - 35",
year = "1988",
issn = "0747-7171",
doi = "http://dx.doi.org/10.1016/S0747-7171(88)80004-X",
url = "http://www.sciencedirect.com/science/article/pii/S074771718880004X",
author = "James H. Davenport and Joos Heintz"
}

@INPROCEEDINGS{SelfVerifyHOLLight,
        author          = "John Harrison",
        title           = "Towards self-verification of HOL Light",
        editor          = "Ulrich Furbach and Natarajan Shankar",
        booktitle       = "Proceedings of the third International Joint 
                           Conference, IJCAR 2006",
        address         = "Seattle, WA",
        year            = 2006,
        publisher       = "Springer-Verlag",
        series          = "Lecture Notes in Computer Science",
        volume          = 4130,
        pages           = "177--191"}

@misc{HOLLightBugs,
  title = "{HOL Light CHANGELOG}",
  key = "CHANGELOG",
  howpublished = "\url{http://code.google.com/p/hol-light/source/browse/trunk/CHANGES}"
}

@incollection{FeitThompson,
year={2013},
isbn={978-3-642-39633-5},
booktitle={Interactive Theorem Proving},
volume={7998},
series={Lecture Notes in Computer Science},
editor={Blazy, Sandrine and Paulin-Mohring, Christine and Pichardie, David},
doi={10.1007/978-3-642-39634-2_14},
title={A Machine-Checked Proof of the Odd Order Theorem},
url={http://dx.doi.org/10.1007/978-3-642-39634-2_14},
publisher={Springer Berlin Heidelberg},
author={Gonthier, Georges and Asperti, Andrea and Avigad, Jeremy and Bertot, Yves and Cohen, Cyril and Garillot, François and Le Roux, Stéphane and Mahboubi, Assia and O’Connor, Russell and Ould Biha, Sidi and Pasca, Ioana and Rideau, Laurence and Solovyev, Alexey and Tassi, Enrico and Théry, Laurent},
pages={163-179},
language={English}
}

@inproceedings{ScottCombinator,
  author    = {Phil Scott and
               Jacques D. Fleuriot},
  title     = "{A Combinator Language for Theorem Discovery}",
  booktitle = {Intelligent Computer Mathematics - 11th International Conference},
  publisher = {Springer},
  series    = {Lecture Notes in Computer Science},
  volume    = {7362},
  year      = {2012},
  pages     = {371-385},
  editor    = {Johan Jeuring and
               John A. Campbell and
               Jacques Carette and
               Gabriel Dos Reis and
               Petr Sojka and
               Makarius Wenzel and
               Volker Sorge}
}


@book{ConvinceEnemy,
  title="Thinking Mathematically",
  pages={87--88},
  author={Mason J, Burton L. and Stacey K.},
  year={2010},
  publisher={Prentice Hall},
  edition="2nd"}

@phdthesis{MainHilbertGeometry,
  title={A Critique of the Incidence and Order Axioms of Geometry},
  author={Main, Robert Vaughn},
  school="{Oregon State University}",
  year=1970
}

@article{Omega,
  title="{Adventures in Three Monads}",
  author={Yang, Edward Z},
  journal={The Monad Reader},
  issue="15",
  pages={11},
  year={2010}
}

@article{GuggenheimerJordanProof,
     jstor_articletype = {research-article},
     title = "{The Jordan and Schoefiles Theorems in Axiomatic Geometry}",
     author = {Guggenheimer, Heinrich W},
     journal = {The American Mathematical Monthly},
     jstor_issuetitle = {},
     volume = {85},
     number = {9},
     jstor_formatteddate = {Nov., 1978},
     pages = {pp. 753-756},
     url = {http://www.jstor.org/stable/2321686},
     ISSN = {00029890},
     abstract = {},
     language = {English},
     year = {1978},
     publisher = {Mathematical Association of America},
     copyright = {Copyright © 1978 Mathematical Association of America},
    }

@article{FefermanDevilishJCT,
  title="{Mathematical Intuition Vs. Mathematical Monsters}",
  author={Feferman, Solomon},
  journal={Synthese},
  volume={125},
  number={3},
  pages={317--332},
  year={2000},
  publisher={Springer}
}

@inproceedings{ImprovementsMagickHaskeller,
  editor    = {Ute Schmid and
               Emanuel Kitzelmann and
               Rinus Plasmeijer},
  author    = {Katayama, Susumu},
  title     = "{Recent Improvements to MagicHaskeller}",
  booktitle = {Approaches and Applications of Inductive Programming},
  publisher = {Springer},
  series    = {Lecture Notes in Computer Science},
  volume    = {5812},
  year      = {2009},
  isbn      = {978-3-642-11930-9},
  ee        = {http://dx.doi.org/10.1007/978-3-642-11931-6},
  bibsource = {DBLP, http://dblp.uni-trier.de}
}

@article{SpiveyBreadthFirst,
  title="{Combinators for Breadth-First Search}",
  author={Spivey, Michael},
  journal={Journal of Functional Programming},
  volume={10},
  number={4},
  pages={397--408},
  year={2000},
  publisher={Cambridge University Press}
}

@book{ToWitNothing,
  title="{Tractatus Logico-philosophicus}",
  author={Wittgenstein, L.},
  lccn={23006615},
  series={International Library of Psychology, Philosophy, and Scientific Method},
  year={1922},
  publisher={Harcourt, Brace, Incorporated}
}

@incollection{LogicMachines,
year={2010},
isbn={978-3-642-02993-6},
booktitle={Origins and Foundations of Computing},
doi={10.1007/978-3-642-02992-9_3},
title="{Calculations Using Symbols}",
url={http://dx.doi.org/10.1007/978-3-642-02992-9_3},
publisher={Springer Berlin Heidelberg},
author={Bauer, Friedrich L.},
pages={23-40},
language={English}
}

@article{WhitherMathematics,
  title="{Whither Mathematics?}",
  author={Davies, Brian},
  journal={Notices of the American Mathematical Society},
  volume={52},
  number={11},
  year={2005}
}

@inproceedings{HOLBoolean,
  author    = {Ramana Kumar and
               Tjark Weber},
  title     = "{Validating QBF Validity in HOL4}",
  booktitle = {Interactive Theorem Proving},
  year      = {2011},
  pages     = {168-183},
  ee        = {http://dx.doi.org/10.1007/978-3-642-22863-6_14},
  bibsource = {DBLP, http://dblp.uni-trier.de}
}

@incollection{ProofMessageCertificate,
year={2012},
isbn={978-3-642-31373-8},
booktitle={Intelligent Computer Mathematics},
volume={7362},
series={Lecture Notes in Computer Science},
editor={Jeuring, Johan and Campbell, JohnA. and Carette, Jacques and Reis, Gabriel and Sojka, Petr and Wenzel, Makarius and Sorge, Volker},
doi={10.1007/978-3-642-31374-5_2},
title={Proof, Message and Certificate},
url={http://dx.doi.org/10.1007/978-3-642-31374-5_2},
publisher={Springer Berlin Heidelberg},
author={Asperti, Andrea},
pages={17-31}
}

@article{SubtractiveKlein,
  title="{Presentism and Relativity}",
  author={Balashov, Y. and Janssen, M.},
  journal={The British Journal for the Philosophy of Science},
  volume={54},
  number={2},
  pages={327--346},
  year={2003},
  publisher={British Society for the Philosophy of Science}
}

@article{PolygonsHaveEars,
     jstor_articletype = {research-article},
     title = {Polygons Have Ears},
     author = {Meisters, G. H.},
     journal = {The American Mathematical Monthly},
     jstor_issuetitle = {},
     volume = {82},
     number = {6},
     jstor_formatteddate = {Jun. - Jul., 1975},
     pages = {pp. 648-651},
     url = {http://www.jstor.org/stable/2319703},
     ISSN = {00029890},
     abstract = {},
     language = {English},
     year = {1975},
     publisher = {Mathematical Association of America},
     copyright = {Copyright © 1975 Mathematical Association of America},
    }

@MISC{HOLLightManual,
    author = {John Harrison},
    title = {The HOL Light Manual (1.0)},
    year = 1998,
    howpublished = {\url{http://www.cl.cam.ac.uk/~jrh13/hol-light/manual-1.1.pdf}},    
}

@incollection{HOLLightBoolean,
year={2011},
isbn={978-3-642-22862-9},
booktitle={Interactive Theorem Proving},
volume={6898},
series={Lecture Notes in Computer Science},
editor={Eekelen, Marko and Geuvers, Herman and Schmaltz, Julien and Wiedijk, Freek},
doi={10.1007/978-3-642-22863-6_15},
title="{Proving Valid Quantified Boolean Formulas in HOL Light}",
url={http://dx.doi.org/10.1007/978-3-642-22863-6_15},
publisher={Springer Berlin Heidelberg},
author={Kunčar, Ondřej},
pages={184-199}
}

@article{AxiomChoiceExcludedMiddle,
     jstor_articletype = {research-article},
     title = {Axiom of Choice and Complementation},
     author = {Diaconescu, Radu},
     journal = {Proceedings of the American Mathematical Society},
     jstor_issuetitle = {},
     volume = {51},
     number = {1},
     jstor_formatteddate = {Aug., 1975},
     pages = {pp. 176-178},
     url = {http://www.jstor.org/stable/2039868},
     ISSN = {00029939},
     abstract = {It is shown that an intuitionistic model of set theory with the axiom of choice has to be a classical one.},
     language = {English},
     year = {1975},
     publisher = {American Mathematical Society},
     copyright = {Copyright © 1975 American Mathematical Society},
    }

@INPROCEEDINGS{HOLSelfVerification,
        author          = "John Harrison",
        title           = "Towards self-verification of HOL Light",
        editor          = "Ulrich Furbach and Natarajan Shankar",
        booktitle       = "Proceedings of the third International Joint 
                           Conference, IJCAR 2006",
        address         = "Seattle, WA",
        year            = 2006,
        publisher       = "Springer-Verlag",
        series          = "Lecture Notes in Computer Science",
        volume          = 4130,
        pages           = "177--191"}

@inproceedings{HindleyMilner,
 author = {Damas, Luis and Milner, Robin},
 title = "{Principal type-schemes for functional programs}",
 booktitle = {Proceedings of the 9th ACM SIGPLAN-SIGACT symposium on Principles of programming languages},
 series = {Principles of Programming Languages},
 year = 1982,
 isbn = {0-89791-065-6},
 location = {Albuquerque, New Mexico},
 pages = {207--212},
 numpages = 6,
 url = {http://doi.acm.org/10.1145/582153.582176},
 doi = {10.1145/582153.582176},
 acmid = 582176,
 publisher = {ACM},
 address = {New York, NY, USA},
}

@book{Principia,
  title={Principia Mathematica},
  author={Whitehead, Alfred North and Russell, Bertrand},
  volume={1},
  isbn={9780521067911},
  series={Principia mathematica},
  year={1927},
  publisher={Cambridge University Press}
}

@article{LogicFirstOrder,
	volume = {1},
	number = {2},
	author = {Matti Eklund},
	title = {On How Logic Became First-Order},
	journal = {Nordic Journal of Philosophical Logic},
	year = {1996},
	pages = {147--67}
}

@article{InconsistencyLambdaCalculus,
     jstor_articletype = {research-article},
     title = "{The Inconsistency of Certain Formal Logic}",
     author = {Curry, Haskell B.},
     journal = {The Journal of Symbolic Logic},
     jstor_issuetitle = {},
     volume = {7},
     number = {3},
     jstor_formatteddate = {Sep., 1942},
     pages = {pp. 115-117},
     url = {http://www.jstor.org/stable/2269292},
     ISSN = {00224812},
     abstract = {},
     language = {English},
     year = {1942},
     publisher = {Association for Symbolic Logic},
     copyright = {Copyright © 1942 Association for Symbolic Logic},
    }

 @proceedings{SeventeenProvers,
  editor    = {Freek Wiedijk},
  title     = {Introduction},
  booktitle = {The Seventeen Provers of the World},
  publisher = {Springer},
  series    = {Lecture Notes in Computer Science},
  volume    = {3600},
  year      = {2006},
  isbn      = {3-540-30704-4},
  bibsource = {DBLP, http://dblp.uni-trier.de}
}

@article{RussellTheoryOfTypes,
     jstor_articletype = {research-article},
     title = "{Mathematical Logic as Based on the Theory of Types}",
     author = {Russell, Bertrand},
     journal = {American Journal of Mathematics},
     jstor_issuetitle = {},
     volume = {30},
     number = {3},
     jstor_formatteddate = {Jul., 1908},
     pages = {pp. 222-262},
     url = {http://www.jstor.org/stable/2369948},
     ISSN = {00029327},
     abstract = {},
     language = {English},
     year = {1908},
     publisher = {The Johns Hopkins University Press},
     copyright = {},
    }

 @article{UntypedTheoryLambdaCalculus,
     jstor_articletype = {research-article},
     title = "{A Set of Postulates for the Foundation of Logic}",
     author = {Church, Alonzo},
     journal = {Annals of Mathematics},
     jstor_issuetitle = {},
     volume = {33},
     number = {2},
     series = {Second Series},
     jstor_formatteddate = {Apr., 1932},
     pages = {pp. 346-366},
     url = {http://www.jstor.org/stable/1968337},
     ISSN = {0003486X},
     abstract = {},
     language = {English},
     year = {1932},
     publisher = {Annals of Mathematics},
     copyright = {Copyright © 1932 Annals of Mathematics},
    }

@InCollection{ParadoxesContemporaryLogic,
	author       =	{Cantini, Andrea},
	title        =	{Paradoxes and Contemporary Logic},
	booktitle    =	{The Stanford Encyclopedia of Philosophy},
	editor       =	{Edward N. Zalta},
	howpublished =	{\url{http://plato.stanford.edu/archives/win2012/entries/paradoxes-contemporary-logic/}},
	year         =	{2012},
	edition      =	{Winter 2012},
}

@inproceedings{HOLOmega,
  author    = {Peter V. Homeier},
  title     = "{The HOL-Omega Logic}",
  booktitle = {Theorem Proving in Higher Order Logics},
  year      = {2009},
  pages     = {244-259},
  ee        = {http://dx.doi.org/10.1007/978-3-642-03359-9_18},
  bibsource = {DBLP, http://dblp.uni-trier.de}
}

@article{LogicismRevisited,
 jstor_articletype = {research-article},
 title = {Logicism Revisited},
 author = {Musgrave, Alan},
 journal = {The British Journal for the Philosophy of Science},
 jstor_issuetitle = {},
 volume = {28},
 number = {2},
 jstor_formatteddate = {Jun., 1977},
 pages = {pp. 99-127},
 url = {http://www.jstor.org/stable/686628},
 ISSN = {00070882},
 abstract = {},
 language = {English},
 year = {1977},
 publisher = {Oxford University Press on behalf of The British Society for the Philosophy of Science},
 copyright = {Copyright © 1977 The British Society for the Philosophy of Science},
}

@article {PaschForms,
  author = {Pambuccian, Victor},
  title = "{Forms of the Pasch axiom in ordered geometry}",
  journal = {Mathematical Logic Quarterly},
  volume = {56},
  number = {1},
  publisher = {WILEY-VCH Verlag},
  issn = {1521-3870},
  url = {http://dx.doi.org/10.1002/malq.200810032},
  doi = {10.1002/malq.200810032},
  pages = {29--34},
  keywords = {Inner and outer form of the Pasch axiom, weak Pasch axiom, ordered geometry, independence},
  year = {2010},
}

@article{AnalysisBetweenness,
 jstor_articletype = {research-article},
 title = "{Sets of Independent Postulates for Betweenness}",
 author = {Huntington, Edward V. and Kline, J. Robert},
 journal = {Transactions of the American Mathematical Society},
 jstor_issuetitle = {},
 volume = {18},
 number = {3},
 jstor_formatteddate = {Jul., 1917},
 pages = {pp. 301-325},
 url = {http://www.jstor.org/stable/1988957},
 ISSN = {00029947},
 abstract = {},
 language = {English},
 year = {1917},
 publisher = {American Mathematical Society},
 copyright = {},
}

 @article{AxiomaticsOrderedGeometry,
   title = "{The axiomatics of ordered geometry: I. Ordered incidence spaces}",
   journal = "Expositiones Mathematicae",
   volume = "29",
   number = "1",
   pages = "24 - 66",
   year = "2011",
   issn = "0723-0869",
   doi = "10.1016/j.exmath.2010.09.004",
   url = "http://www.sciencedirect.com/science/article/pii/S0723086910000423",
   author = "Victor Pambuccian",
   keywords = "Ordered geometry",
   keywords = "Axiom system",
   keywords = "Half-ordered geometry"
}

@techreport{ChenForwardChaining,
  author    = {Chen, Ze-wei},
  title     = "{Efficient Access to Knowledge via Forward Chaining Tactics}",
  institution = {Cornell University},
  year = {1995},
  month = {April},
}  

@inproceedings{ForwardChainHilbert,
  author    = {Sana Stojanovic, Vesna Pavlovic and Predrag Janicic},
  title     = "{A Coherent Logic Based Geometry Theorem Prover Capable of
                Producing Formal and Readable Proofs}",
  booktitle = {Automated Deduction in Geometry},
  year      = {2010},
  pages     = {201-220},
  publisher = {Springer},
  series    = {Lecture Notes in Computer Science},
  ee        = {http://dx.doi.org/10.1007/978-3-642-25070-5_12},
  bibsource = {DBLP, http://dblp.uni-trier.de}
}

@inproceedings{NarbouxTarskiHilbert,
  editor    = {Tetsuo Ida and Jacques D. Fleuriot},
  title     = "{From Tarski to Hilbert}",
  author    = {Gabriel Braun and Julien Narboux},
  booktitle = {Automated Deduction in Geometry},
  publisher = {Springer},
  pages     = {89-109},
  series    = {Lecture Notes in Computer Science},
  volume    = {7993},
  year      = {2013},
  isbn      = {978-3-642-40671-3},
  ee        = {http://dx.doi.org/10.1007/978-3-642-40672-0},
  bibsource = {DBLP, http://dblp.uni-trier.de}
}

@article{FeiglJordan,
     title = "{\"Uber die elementaren Anordnungss\"atz}",
     author = {Feigl, Georg},
     journal={Jahresbericht der Deutschen Mathematiker-Vereinigung},
     volume={33},
     publisher={Nieders\@chsische Staats- und Universit\"atsbibliothek G\"ottingen},
     year={1925}}

@book{PrinciplesOfMathematics,
     title = "{The Principles of Mathematics}",
     author = "{Russell, Bertrand}",
     year = 2008,
     publisher = {Merchant Books}}

@article{VeblenHilbertReview,
     title = "{Hilbert's Foundations of Geometry}",
     author = {Veblen, Oswald},
     journal = {The Monist},
     volume = {13},
     number = {2},
     pages = {pp. 303-309},
     url = {http://www.jstor.org/stable/27899395},
     ISSN = {00269662},
     language = {English},
     year = {1903},
     publisher = {Hegeler Institute}
    }

@book{JordanTextBook,
  title = "{Cours d'analyse de l'\'Ecole polytechnique}",
  author = "{Jordan, Camille}",
  year = 1893,
  publisher = "Gauthier-Villars et fils Paris"}  

@article{TverbergJordan,
  author = "Helge Tverberg",
  title  = "{A Proof of the Jordan Curve Theorem}",
  journal = "Bulletin of the London Mathematical Society",
  year = "1980",
  volume = "12",
  issue  = "1",
  pages  = "34-38"}

@book{WhatIsMathematics,
  author    = "{Richard Courant and Herbert Robbins}",
  title     = {"What is Mathematics?"},
  publisher = "Oxford University Press",
  year      = 1996}

@article {BolzanoJordan,
   author = {Johnson, Dale M.},
   title = "{Prelude to Dimension Theory: The Geometrical Investigations of Bernard Bolzano}",
   journal = {Archive for History of Exact Sciences},
   publisher = {Springer Berlin / Heidelberg},
   issn = {0003-9519},
   keyword = {Mathematics and Statistics},
   pages = {261-295},
   volume = {17},
   issue = {3},
   url = {http://dx.doi.org/10.1007/BF00499625},
   note = {10.1007/BF00499625},
   year = {1977}
}

@article{MooreSitus,
     title = "{On a Set of Postulates which Suffice to Define a Number-Plane}",
     author = {Robert Lee Moore},
     journal = {Transactions of the American Mathematical Society},
     volume = {16},
     number = {1},
     pages = {pp. 27-32},
     year = {1915},
     publisher = {American Mathematical Society},
    }

@article{IntuitionMonsters,
	volume = {125},
	number = {3},
	author = {Solomon Feferman},
	title = {Mathematical Intuition Vs. Mathematical Monsters},
	publisher = {Springer Netherlands},
	journal = {Synthese},
	year = {2000},
	pages = {317--332}
}

@article{HahnInconclusiveIndirect,
  title = "{A nonstandard proof of the Jordan curve theorem}",
  author = {Vladimir Kanovei and Michael Reeken},
  journal = {Pacific Journal of Mathematics},
  volume  = 36,
  number  = 1,
  year    = 1971,
  pages   = {219-229}}

@article{VeblenJordan,
     title = "{Theory on Plane Curves in Non-Metrical Analysis Situs}",
     author = {Oswald Veblen},
     journal = {Transactions of the American Mathematical Society},
     volume = {6},
     number = {1},
     pages = {83-98},
     year = {1905},
     publisher = {American Mathematical Society},
    }

@article{LennesPolygon,
     jstor_articletype = {research-article},
     title = "{Theorems on the Simple Finite Polygon and Polyhedron}",
     author = {N. J. Lennes},
     journal = {American Journal of Mathematics},
     jstor_issuetitle = {},
     volume = {33},
     number = {1},
     jstor_formatteddate = {Jan., 1911},
     pages = {pp. 37-62},
     url = {http://www.jstor.org/stable/2369986},
     ISSN = {00029327},
     abstract = {},
     language = {English},
     year = {1911},
     publisher = {The Johns Hopkins University Press},
     copyright = {},
    }

@article{GuggenheimerJordanCurve,
    year={1977},
    journal={Archive for History of Exact Sciences},
    volume={17},
    issue={2},
    title="{The Jordan Curve Theorem and an Unpublished Manuscript by Max Dehn}",
    publisher={Springer-Verlag},
    author={Guggenheimer, H.},
    pages={193-200}
}

@article{Veblenphd,
    year={1904},
    title="{A System of Axioms for Geometry}",
    journal={Transactions of the American Mathematical Society},
    volume={5},
    author = {Oswald Veblen},
    pages={343-384}}

@article{HalesJordansProof,
    author = {Thomas C. Hales},
    title="{Jordan's Proof of the Jordan Curve Theorem}",
    booktitle={From Insight to Proof},
    journal={Studies in Logic, Grammar and Rhetoric},
    volume=10,
    number=23,
    year=2007
}

@inproceedings{DufourdJordanCurve,
  author    = {Jean-Fran\c{c}ois Dufourd},
  title     = "{Discrete Jordan Curve Theorem: A proof formalized in Coq
               with hypermaps}",
  booktitle = {25th International Symposium on Theoretical Aspects of Computer Science},
  year      = 2008,
  pages     = {253-264},
}

@article{HalesJordanCurve,
  author    = {Thomas C. Hales},
  title     = "{The Jordan Curve Theorem, Formally and Informally}",
  journal   = {The American Mathematical Monthly},
  volume    = {114},
  issue     = {10},
  year      = {2007},
  pages     = {882–894}}

@article{ColtonInterestingness,
  author    = {Simon Colton and
               Alan Bundy and
               Toby Walsh},
  title     = "{On The Notion Of Interestingness In Automated Mathematical
               Discovery}",
  journal   = {International Journal of Human-Computer Studies},
  volume    = 53,
  number    = 3,
  year      = 2000,
  pages     = {351-375},
  ee        = {http://dx.doi.org/10.1006/ijhc.2000.0394},
  bibsource = {DBLP, http://dblp.uni-trier.de}
}

@incollection{MathematicalDiscovery,
year={2003},
isbn={978-3-540-20144-1},
booktitle={Inductive Logic Programming},
volume={2835},
series={Lecture Notes in Computer Science},
editor={Horváth, Tamás and Yamamoto, Akihiro},
doi={10.1007/978-3-540-39917-9_8},
title="{ILP for Mathematical Discovery}",
url={http://dx.doi.org/10.1007/978-3-540-39917-9_8},
publisher={Springer Berlin Heidelberg},
author={Colton, Simon and Muggleton, Stephen},
pages={93-111}
}


@inproceedings{Mathsaid,
  author    = {Roy L. McCasland and
               Alan Bundy},
  title     = "{MATHsAiD: A Mathematical Theorem Discovery Tool}",
  booktitle = {SYNASC},
  year      = {2006},
  pages     = {17-22},
}

@incollection{OnInfinite,
   author = {David Hilbert},
   editor = {Paul Benacerraf and Hilary Putnam},
   title = "{On the Infinite}",
   booktitle = {Philosophy of Mathematics: Selected Readings},
   publisher = {Cambridge University Press},
   year = 1984}

@article{ModernAxiomatics,
  author    = "H. C. Kennedy",
  title     = "{The Origins of Modern Axiomatics: Pasch to Peano}",
  journal   = "The American Mathematical Monthly",
  volume    = 79,
  number    = 2,
  year      = 1972,
  pages     = {133-136}}

@article{SimonObituary,
  author    = "John R. Anderson",
  title     = "{Obituary: Herbert A. Simon (1916--2001)}",
  journal   = "American Psychologist",
  volume    = 56,
  issue     = {6-7},
  pages     = {516-518},
  year      = 2001}

@article{HalesFormalProof,
  author    = "Thomas Hales",
  title     = "Formal Proof",
  journal   = {Notices of the American Mathematical Society},
  volume    = 55,
  issue     = 11,
  year      = 2008,
  pages     = {1370-1380}
}  

@book{PoincareShackles,
  author    = "{Henri Poincar\'{e}}",
  title     = "Science and Method",
  publisher = "Cosimo Classics",
  year      = 2007,
  pages     = {178}}

@article{PoincareReview,
  author    = "{Henri Poincar\'{e}}",
  title     = "{Poincar\'{e}'s Review of Hilbert's \emph{Foundations of Geometry}}",
  journal   = {Bulletin of the American Mathematical Society},
  volume    = 10,
  number    = 1,
  year      = 1903,
  pages     = {1-23}
}  

@book{EvolutionEuclideanElements,
  author    = "Wilbur Richard Knorr",
  title     = "The Evolution of the Euclidean Elements",
  publisher = "Springer",
  year      = 1974,
  month     = "February",
  isbn      = 9027705097}  

@INPROCEEDINGS{HarrisonWLOG,
        author          = "John Harrison",
        title           = "{Without Loss of Generality}",
        editor          = "Stefan Berghofer and Tobias Nipkow and
                           Christian Urban and Makarius Wenzel",
        booktitle       = "Proceedings of the 22nd International Conference on
                           Theorem Proving in Higher Order Logics, 2009",
        address         = "Munich, Germany",
        year            = 2009,
        publisher       = "Springer-Verlag",
        series          = "Lecture Notes in Computer Science",
        volume          = 5674,
        pages           = "43--59"}

@incollection{MajerHilbertKleinComplexity,
   author = {Ulrich Majer},
   editor = {Emily Carson and Renate Huber},
   title = "{The Relation of Logic and Intuition in Kant's Philosophy of Science, Particularly Geometry}",
   booktitle = {Intuition and the Axiomatic Method},
   publisher = {Springer},
   year = {2006}}

@inproceedings{ScottExploring,
  author    = {Phil Scott and
               Jacques D. Fleuriot},
  title     = "{An Investigation of Hilbert's Implicit Reasoning through Proof Discovery in Idle-Time}",
  booktitle = {Automated Deduction in Geometry},
  publisher = {Springer},
  year      = 2010,
  pages     = {182-200},
  series    = {Lecture Notes in Computer Science},
}

@inproceedings{ScottComposable,
  author    = {Phil Scott and
               Jacques D. Fleuriot},
  title     = "{Composable Discovery Engines for Interactive Theorem Proving}",
  booktitle = {Interactive Theorem Proving},
  publisher = {Springer},
  series    = {Lecture Notes in Computer Science},
  volume    = {6898},
  year      = {2011},
  pages     = {370-375}
}

@inproceedings{BacktrackingMonad,
  author    = {Oleg Kiselyov and
               Chung-chieh Shan and
               Daniel P. Friedman and
               Amr Sabry},
  title     = "{Backtracking, Interleaving, and Terminating Monad Transformers}",
  booktitle = {International Conference on Functional Programming},
  year      = {2005},
  pages     = {192-203},
  bibsource = {DBLP, http://dblp.uni-trier.de}
}

@book{StandardML,
    author = {Milner, Robin and Tofte, Mads and Harper, Robert and Macqueen, David},
    edition = {Rev Sub},
    howpublished = {Paperback},
    isbn = 0262631814,
    month = {May},
    publisher = {The MIT Press},
    title = {{The Definition of Standard ML - Revised}},
    year = 1997
}

@inproceedings{IdiomsArrowsMonads,
  author    = {Sam Lindley, Jeremy Yallop and Phil Wadler},
  title     = {Idioms are oblivious, arrows are meticulous, monads are promiscuous},
  year      = 2008,
  booktitle = {Mathematically Structured Functional Programming},
  note      = {no proceedings},
  url       = "{\url{http://hdl.handle.net/1842/3800}}"
}
  
@inproceedings{MonadWadler,
  author    = {Philip Wadler},
  title     = "{Monads for Functional Programming}",
  booktitle = {Advanced Functional Programming},
  year      = {1995},
  pages     = {24-52},
}

@article{Applicative,
  author    = {Conor McBride and
               Ross Paterson},
  title     = "{Applicative programming with effects}",
  journal   = {Journal of Functional Programming},
  volume    = 18,
  number    = 1,
  year      = 2008,
  pages     = {1-13},
}

@article{SearchAlgebras,
  author    = {J. Michael Spivey},
  title     = {Algebras for combinatorial search},
  journal   = {Journal of Functional Programming},
  volume    = {19},
  number    = {3-4},
  year      = {2009},
  pages     = {469-487},
}

@misc{Isar,
    title = "{A Tutorial Introduction to Structured Isar Proofs}",
    howpublished = "{\url{http://www.cl.cam.ac.uk/research/hvg/Isabelle/dist/Isabelle2011/doc/isar-overview.pdf/}}",
    author = {Tobias Nipkow}
}

@inproceedings{CombinatorLanguages,
  author    = {S. Doaitse Swierstra and
               Pablo R. Azero Alcocer and
               Jo{\~a}o Saraiva},
  title     = "{Designing and Implementing Combinator Languages}",
  booktitle = {Advanced Functional Programming},
  publisher = {Springer},
  series = {Lecture Notes in Computer Science},
  year      = {1999},
  volume    = {1608},
  pages     = {150-206}
}

@article{LCFRewriting,
  author    = {Lawrence C. Paulson},
  title     = {A Higher-Order Implementation of Rewriting},
  journal   = {Science of Computer Programming},
  volume    = {3},
  issue     = {2},
  year      = {1983}
}

@inproceedings{ParallelIsabelle,
    author = {Wenzel, Makarius and M\"{u}nchen, Technische U.},
    booktitle = {Workshop on Programming Languages for Mechanized Mathematics Systems},
    year = {2009},
    organisation = {Special Interest Group on Symbolic and Algebraic Manipulation},
    publisher = {Association for Computing Machinery},
    title = "{Parallel proof checking in Isabelle/Isar}"
}

@misc{ACL2,
    title = "{ACL2 homepage}",
    howpublished = "{\url{http://www.cs.utexas.edu/users/moore/acl2/}}"
}

@article{MooreProof,
  title = "{On the Projective Axioms of Geometry}",
  author = {Eliakim Hastings Moore},
  journal = {Transactions of the American Mathematical Society},
  volume = 3,
  year = 1902,
  pages = {142-158}
}

@article{Tactics,
   jstor_articletype = {research-article},
   title = "{The Use of Machines to Assist in Rigorous Proof [and Discussion]}",
   author = {Milner, R. and Bird, R. S.},
   journal = {Philosophical Transactions of the Royal Society of London. Series A, Mathematical and Physical Sciences},
   jstor_issuetitle = {Mathematical Logic and Programming Languages [Displayed chronologically; published out of order]},
   volume = {312},
   number = {1522},
   jstor_formatteddate = {Oct. 1, 1984},
   pages = {pp. 411-422},
   ISSN = {00804614},
   abstract = {A methodology for computer assisted proof is presented with an example. A central ingredient in the methods is the presentation of tactics (or strategies) in an algorithmic metalanguage. Further, the same language is also used to express combinators, by which simple elementary tactics -- which often correspond to the inference rules of the logic employed -- are combined into more complex tactics, which may even be strategies complete for a class of problems. However, the emphasis is not upon completeness but upon providing a metalogical framework within which a user may express his insight into proof methods and may delegate routine (but error-prone) work to the computer. This method of tactic composition is presented at the start of the paper in the form of an elementary theory of goal-seeking. A second ingredient of the methodology is the stratification of machine-assisted proof by an ancestry graph of applied theories, and the example illustrates this stratification. In the final section, some recent developments and applications of the method are cited.},
   language = {English},
   year = {1984},
   publisher = {The Royal Society},
   copyright = {Copyright © 1984 The Royal Society},
}

@article{TableChairMug,
   author = {Hermann Weyl},
   title = "{David Hilbert and his mathematical work}",
   journal = {Bulletin of the American Mathematical Society},
   volume = {50},
   pages = {635},
   issue = {9},
   year = {1944},
}

@article {BirkhoffHilbertInfluence,
   author = {Birkhoff, Garrett and Bennett, Mary},
   title = "{Hilbert's \emph{Grundlagen der Geometrie}}",
   journal = {Rendiconti del Circolo Matematico di Palermo},
   publisher = {Springer Milan},
   issn = {0009-725X},
   keyword = {Mathematics},
   pages = {343-389},
   volume = {36},
   issue = {3},
   year = {1987}
}

@TECHREPORT{FormalizedMathematics,
        author          = "John Harrison",
        title           = "{Formalized Mathematics}",
        institution     = "Turku Centre for Computer Science (TUCS)",
        address         = "Lemmink{\"a}isenkatu 14 A, FIN-20520 Turku,
                           Finland",
        year            = 1996,
        type            = "Technical Report",
        number          = 36}

 @inproceedings{MeikleMechanicalTheoremProving,
  author    = {Laura I. Meikle and
               Jacques D. Fleuriot},
  title     = "{Mechanical Theorem Proving in Computational Geometry}",
  booktitle = {Automated Deduction in Geometry},
  year      = {2004},
  pages     = {1-18},
  bibsource = {DBLP, http://dblp.uni-trier.de}
}

@inproceedings{RankDesargues,
  author    = {Nicolas Magaud and
               Julien Narboux and
               Pascal Schreck},
  title     = "{Formalizing Desargues' theorem in Coq using ranks}",
  booktitle = {Symposium on Applied Computing},
  year      = {2009},
  pages     = {1110-1115},
  ee        = {http://doi.acm.org/10.1145/1529282.1529527},
}

@article{HistoryCalculusRosenthal,
 title = "{The History of Calculus}",
 author = {Rosenthal, Arthur},
 journal = {The American Mathematical Monthly},
 volume = {58},
 number = {2},
 pages = {75--86},
 url = {http://www.jstor.org/stable/2308368},
 ISSN = {00029890},
 year = {1951},
 publisher = {Mathematical Association of America},    
 copyright = {Copyright © 1951 Mathematical Association of America},
}
        

@article{CalculusOfConstructions,
 author = {Coquand, Thierry and Huet, Gerard},
 title = "{The Calculus of Constructions}",
 journal = {Inf. Comput.},
 volume = {76},
 number = {2-3},
 year = {1988},
 issn = {0890-5401},
 pages = {95--120},
 doi = {http://dx.doi.org/10.1016/0890-5401(88)90005-3},
 publisher = {Academic Press, Inc.},
 address = {Duluth, MN, USA},
}


@book{ArchimedesMeasurementCircle,
   author = {John Fauvel and Jeremy Gray},
   title = "{The History of Mathematics, A Reader}",
   pages = {148--149},
   publisher = {Macmillan Press Ltd},
   year = {1987}}

@article{QuaifeTarski,
  author    = {Art Quaife},
  title     = "{Automated Development of Tarski's Geometry}",
  journal   = {Journal of Automated Reasoning},
  volume    = {5},
  number    = {1},
  year      = {1989},
  pages     = {97-118},
  bibsource = {DBLP, http://dblp.uni-trier.de}
}

@inproceedings{NarbouxAreaMethod,
  author    = {Julien Narboux},
  title     = "{A Decision Procedure for Geometry in Coq}",
  booktitle = {Theorem Proving in Higher Order Logics},
  year      = {2004},
  volume    = {3223},
  publisher = {Springer},
  pages     = {225-240},
  ee        = {http://springerlink.metapress.com/openurl.asp?genre=article{\&}issn=0302-9743{\&}volume=3223{\&}spage=225},
  bibsource = {DBLP, http://dblp.uni-trier.de}
}

@article{BuchbergerGrobner,
    author = {B. Buchberger},
    title = "{A Theoretical Basis for the Reduction of Polynomials to Canonical Forms}",
    language = {english},
    journal = {ACM SIGSAM Bulletin},
    volume = {10},
    number = {3},
    pages = {19--29},
    publisher = {Copyright: ACM, New York},
    year = {1976},
    annote = {1976-00-00-A},
    refereed = {yes},
    length = {11}
}

@InProceedings{GeometryExplorer,
    author = { Sean Wilson and Jacques Fleuriot },
    title = "{Geometry Explorer: Combining Dynamic Geometry, Automated Geometry Theorem Proving and Diagrammatic Proofs}",
    booktitle = {Proceedings of UITP 2005 (User Interfaces for Theorem Provers)},
    year = 2005,
    month = {Apr},
}

@inproceedings{CoqGrobner,
  author    = {Thierry Coquand and
               Henrik Persson},
  title     = "{Gr{\"o}bner Bases in Type Theory}",
  booktitle = {TYPES},
  volume    = {1657},
  publisher = {Springer},
  year      = {1999},
  pages     = {33-46},
  ee        = {http://link.springer.de/link/service/series/0558/bibs/1657/16570033.htm},
  bibsource = {DBLP, http://dblp.uni-trier.de}
}

@inproceedings{GonthierFCT,
  author = {Georges Gonthier},
  booktitle = {Computer Mathematics},
  editor = {Deepak Kapur},
  interHash = {bd9680b3378730e3f37fe0c0bd1efdff},
  intraHash = {b58e4336eb1c10d71952e1693bafe9f0},
  pages = {333},
  publisher = {Springer},
  series = {Lecture Notes in Computer Science},
  title = "{The Four Colour Theorem: Engineering of a Formal Proof}",
  url = {http://dblp.uni-trier.de/db/conf/ascm/ascm2007.html#Gonthier07},
  volume = {5081},
  year = {2007},
  ee = {http://dx.doi.org/10.1007/978-3-540-87827-8_28},
  isbn = {978-3-540-87826-1},
  date = {2008-10-23}
}

@misc{flyspeck,
    author = {Thomas Hales},
    title = "{Introduction to the Flyspeck Project}",
    howpublished = "\url{http://drops.dagstuhl.de/opus/\newline volltexte/2006/432/pdf/05021.HalesThomas.Paper.432.pdf}"}}

@article{IntegralCalculusPVS,
  author = {Ricky Wayne Butler},
  title = "{Formalization of the Integral Calculus in the PVS Theorem Prover}",
  journal = {Journal of Formalized Reasoning},
  volume = {2},
  issue = {1},
  year = {2009}}

@book{LandauGrundlagen,
  author = {Edmund Landau},
  title = "{Foundations of Analysis}",
  publisher = {Chelsea Pub Co},
  isbn = {978-0821826935},
  year = {2001}}
  
@Book{Mendelson,
  author = {Elliot Mendelson},
  title = "{Introduction to Mathematical Logic}",
  edition = "4th",
  publisher = "{Chapman \& Hall}",
  isbn = {978-0412808302},
  year = 1997
}

@article{PaschToPeano,
   author = {H. C. Kennedy},
   title = "{Origins of Modern Axiomatics: Pasch to Peano}",
   journal = {The American Mathematical Monthly},
   volume = {79},
   pages = {133--136},
   year = {1972}}

@INPROCEEDINGS{IsabelleLocales,
    author = {Florian Kammuller and Markus Wenzel},
    title = "{Locales: A Sectioning Concept for Isabelle}",
    booktitle = {Theorem Proving in Higher Order Logics},
    volume = {1690},
    year = {1999},
    pages = {149--165},
    publisher = {Springer}
}

@inproceedings{ZammitDeclarative,
 author = {Zammit, Vincent},
 title = "{On the Implementation of an Extensible Declarative Proof Language}",
 booktitle = {Theorem Proving in Higher Order Logics},
 year = {1999},
 volume = {1690},
 isbn = {3-540-66463-7},
 pages = {185--202},
 publisher = {Springer-Verlag},
 address = {London, UK},
}

@INPROCEEDINGS{MizarHOL,
        author          = "John Harrison",
        title           = "{A Mizar Mode for {HOL}}",
        pages           = "203--220",
        editor          = "Joakim von Wright and Jim Grundy and John Harrison",
        booktitle       = "Theorem Proving in Higher Order Logics",
        series          = "Lecture Notes in Computer Science",
        isbn            = {3-540-61587-3},
        volume          = 1125,
        address         = "Turku, Finland",
        date            = "26--30 August 1996",
        year            = 1996,
        publisher       = "Springer-Verlag"}

@book{MacLaneRigourZFC,
  author = {Saunders Mac Lane},
  title = "{Mathematics: Form and Function}",
  edition = "1st",
  isbn = "978-0387962177",
  publisher = "{Springer}",
  year = {1985}}

@ARTICLE{TarskiGeometrySystem,
    author = {Alfred Tarski and Steven Givant},
    title = "{Tarski's System of Geometry}",
    journal = {Bulletin of Symbolic Logic},
    year = {1999},
    volume = {5},
    pages = {175--214}
}

@book{MachineProofsInGeometry,
  author    = "{Shang-Ching Chou, Xiao-Shan Gao, Jing-Zhong Zhang}",
  title     = "{Machine Proofs in Geometry}",
  publisher = {World Scientific Publishing},
  isbn      = {9810215843},
  year      = {1994}}

@book{MechanicalGeometryTheoremProving,
  author    = "{Shang-Ching Chou}",
  title     = "{Mechanical Geometry Theorem Proving}",
  publisher = {D. Reidel Publishing Company},
  isbn      = {90-277-2650-7},
  year = {1988}}

@inproceedings{LCFtoHOL,
 author = {Gordon, Mike},
 title = "{From LCF to HOL: a short history}",
 booktitle = {Proof, language, and interaction: essays in honour of Robin Milner},
 year = 2000,
 isbn = {0-262-16188-5},
 pages = {169--185},
 publisher = {MIT Press},
 address = {Cambridge, MA, USA},
 }

@article{TarksiMcNaugtonReview,
  author = {Robert McNaughton},
  title = "{Review: Alfred Tarski, A Decision Method for Elementary Algebra and Geometry}",
  journal = {Bulletin of the American Mathematical Society},
  volume = 59,
  number = 1,
  year = 1953,
  pages = {91-93}}

@inproceedings{KammullerDependent,
 author = {Kamm\"{u}ller, Florian},
 title = "{Modular Structures as Dependent Types in Isabelle}",
 booktitle = {TYPES '98: Selected papers from the International Workshop on Types for Proofs and Programs},
 volume = {1657},
 year = {1999},
 isbn = {3-540-66537-4},
 pages = {121--132},
 publisher = {Springer-Verlag},
 address = {London, UK},
 }

@inproceedings{HurdSubtyping,
  author    = {Joe Hurd},
  title     = "{Predicate Subtyping with Predicate Sets}",
  booktitle = {Theorem Proving in Higher Order Logics},
  year      = {2001},
  pages     = {265-280},
  volume    = {2152},
  publisher = {Springer},
  ee        = {http://link.springer.de/link/service/series/0558/bibs/2152/21520265.htm},
  bibsource = {DBLP, http://dblp.uni-trier.de}
}

@inproceedings{IsabelleTypeClasses,
 author = {Wenzel, Markus},
 title = "{Type Classes and Overloading in Higher-Order Logic}",
 booktitle = {Theorem Proving in Higher Order Logics},
 year = {1997},
 volume = {1275},
 isbn = {3-540-63379-0},
 pages = {307--322},
 publisher = {Springer-Verlag},
 address = {London, UK},
 }

@article{SubtypingELF,
  author    = {David Aspinall and
               Adriana B. Compagnoni},
  title     = "{Subtyping dependent types}",
  journal   = {Theor. Comput. Sci.},
  volume    = 266,
  number    = {1-2},
  year      = 2001,
  pages     = {273-309},
  ee        = {http://dx.doi.org/10.1016/S0304-3975(00)00175-4},
  bibsource = {DBLP, http://dblp.uni-trier.de}
}

@inproceedings{HOLLight,
  author = {John Harrison},
  title = "{HOL Light: a Tutorial Introduction}",
  booktitle = {Proceedings of the First International Conference on Formal Methods in Computer-Aided Design},
  volume = 1166,
  year = 1996,
  pages = {265--269},
  publisher = {Springer-Verlag}
}

@article{ELF,
  author    = {Robert Harper and
               Furio Honsell and
               Gordon D. Plotkin},
  title     = "{A Framework for Defining Logics}",
  journal   = {J. ACM},
  volume    = {40},
  number    = {1},
  year      = {1993},
  pages     = {143-184},
  ee        = {http://doi.acm.org/10.1145/138027.138060},
  bibsource = {DBLP, http://dblp.uni-trier.de}
}

@book{LCF,
    author = {Michael J Gordon, Arthur J Milner, Christopher P Wadsworth},
    title = {Edinburgh {LCF}},
    publisher = {Springer-Verlag},
    year = {1979}
}   

@phdthesis{LandauAUTOMATH,
  author    = {L. S. van Benthem Jutting},
  title     = "{Checking Landau's Grundlagen in the Automath system}",
  school    = "{Eindhoven University of Technology}",
  year      = {1977},
}

@book{HeathAmbientPlane,
   author = {Thomas L. Heath},
   isbn = {978-0486600888},
   title = "{Euclid: The Thirteen Books of The Elements}",
   volume = 1,
   pages = 172,
   publisher = {Dover Publications},
   year = 1956}

@misc{Aleph0Elements,
  author = {Euclid},
  editor = {David E. Joyce},
  title = {Elements},
  howpublished = {http://aleph0.clarku.edu/~djoyce/java/elements/elements.html},
  year = 1998,
}
   
@book{HeathElements,
   author = {Thomas L. Heath},
   isbn = {978-0486600888},
   title = "{Euclid: The Thirteen Books of The Elements}",
   volume = {2},
   publisher = {Dover Publications},
   year = {1956}}

@book{BoyerEuclidInfluence,
   author = {Carl B. Boyer},
   title = "{A History of Mathematics}",
   publisher = "{John Wiley \& Sons}",
   isbn = {978-0471543978},
   year = 1991}

@book{Coq,
   author = {Yves Bertot, Pierre Cast\'{e}ran},
   title = "{Interactive Theorem Proving and Program Development}",
   year = {2004},
   publisher = {Springer}}

@article{ChurchTheoryOfTypes,
   author = {Alonzo Church},
   title = "{A Formulation of the Simple Theory of Types}",
   year = {1940},
   volume = {5},
   issue = {2},
   pages = {56--68},
   journal = {Association for Symbolic Logic}}

@Book{FoundationsOfGeometry,
  author = {David Hilbert},
  title = "{Foundations of Geometry}",
  publisher = {Open Court Classics},
  edition = "2nd",
  isbn = {0-87548-164-7},
  year = 1971,
  note = "{Translated from the 10th edition of the \emph{Grundlagen der Geometrie}}"
}

@Book{FoundationsOfGeometryFst,
  author = {David Hilbert},
  title = "{The Foundations of Geometry}",
  publisher = {The Open Court Publishing Company},
  edition = "1st",
  year = 1950
}

@inproceedings{MeikleFleuriotFormalizingHilbert,
  author    = {Laura I. Meikle and
               Jacques D. Fleuriot},
  title     = "{Formalizing Hilbert's Grundlagen in Isabelle/Isar}",
  booktitle = {Theorem Proving in Higher Order Logics},
  volume    = {2758},
  publisher = {Springer},
  year      = {2003},
  pages     = {319-334},
  ee        = {http://springerlink.metapress.com/openurl.asp?genre=article{\&}issn=0302-9743{\&}volume=2758{\&}spage=319},
  bibsource = {DBLP, http://dblp.uni-trier.de}
}

@mastersthesis{ScottMScThesis,
   author = {Phil Scott},
   title = "{Mechanising Hilbert's \emph{Foundations of Geometry} in Isabelle}",
   year = 2008,
   school = "University of Edinburgh",
   howpublished = "\url{http://www.inf.ed.ac.uk/publications/thesis/online/IM080566.pdf}"}
   author = {Phil Scott},
}

@incollection{ProofsAboutProofs,
   author = {John P. Burgess},
   editor = {Michael Detlefson},
   title = "{Proofs about Proofs}",
   booktitle = {Proof, Logic and Formalization},
   pages = {8-23},
   publisher = {Routledge},
   year = {1992}}

@book{WuMechanicalTheoremProving,
    author = {Wen-ts\"{u}n Wu},
    title = "{Mechanical Theorem Proving in Geometries}",
    publisher = {Springer-Verlag Wien New York},
    year = {1994},
    isbn = {3-211-82506-1},
    pages = {115}}

@inproceedings{NarbouxTarski,
  author    = {Julien Narboux},
  title     = "{Mechanical Theorem Proving in Tarski's Geometry}",
  booktitle = {Automated Deduction in Geometry},
  year      = {2006},
  pages     = {139-156},
  volume    = {4869},
  ee        = {\url{http://dx.doi.org/10.1007/978-3-540-77356-6_9}},
  bibsource = {DBLP, http://dblp.uni-trier.de}
}

@inproceedings{DehlingerFOG,
 author = {Dehlinger, Christophe and Dufourd, Jean-Fran\c{c}ois and Schreck, Pascal},
 title = "{Higher-Order Intuitionistic Formalization and Proofs in Hilbert's Elementary Geometry}",
 booktitle = {Automated Deduction in Geometry: Revised Papers from the Third International Workshop on Automated Deduction in Geometry},
 year = {2001},
 isbn = {3-540-42598-5},
 pages = {306--324},
 volume = {2061},
 publisher = {Springer-Verlag},
 address = {London, UK},
}

@INPROCEEDINGS{MizarLight,
 author = {Wiedijk, Freek},
 title = "{Mizar Light for HOL Light}",
 booktitle = {Theorem Proving in Higher Order Logics},
 year = 2001,
 isbn = {3-540-42525-X},
 pages = {378--394},
 publisher = {Springer-Verlag},
 address = {London, UK},
 volume = 2152
}

@book{Isabelle,
	author = {Lawrence C. Paulson },
	keywords = {rcb-bibfile},
	number = 828,
	publisher = {Springer -- Berlin},
	series = {Lecture Notes in Computer Science},
	title = "{Isabelle: a Generic Theorem Prover}",
	year = 1994
}

@INPROCEEDINGS{MizarMathematicalVernacular,
    author = {N.G. de~Bruijn},
    title = "{The Mathematical Vernacular, a language for Mathematics with typed sets}",
    booktitle = "{Proceedings from the Workshop on Programming Logic}",
    editor = {P. Dybjer et al},
    volume = 37,
    institution = {University of Goteborg},
    year = 1987}

@inproceedings{MizarSoftTypes,
  author    = {Freek Wiedijk},
  title     = "{Mizar's Soft Type System}",
  booktitle = {Theorem Proving in Higher Order Logics},
  year      = {2007},
  volume    = {4732},
  publisher = {Springer},
  pages     = {383-399},
  ee        = {http://dx.doi.org/10.1007/978-3-540-74591-4_28},
  bibsource = {DBLP, http://dblp.uni-trier.de}
}

@inproceedings{Twelf,
  author = {Pfenning, Frank and Sch\"{u}rmann, Carsten},
  title = "{System Description: Twelf - A Meta-Logical Framework for Deductive Systems}",
  booktitle = {CADE-16: Proceedings of the 16th International Conference on Automated Deduction},
  year = {1999},
  isbn = {3-540-66222-7},
  pages = {202--206},
  publisher = {Springer-Verlag},
  address = {London, UK},
  volume = {1632}
}

@inproceedings{AUTOMATH,
  title="{The mathematical language AUTOMATH, its usage, and some of its extensions}",
  author={de Bruijn, Nicolaas Govert},
  booktitle={Symposium on automatic demonstration},
  pages={29--61},
  year=1970,
  organization={Springer}
}

@article{AUTOMATHPTS,
  author    = {Fairouz Kamareddine and
               Twan Laan and
               Rob Nederpelt},
  title     = "{Automath and Pure Type Systems}",
  journal   = {Electr. Notes Theor. Comput. Sci.},
  volume    = 85,
  number    = 7,
  year      = 2003,
  ee        = {http://www1.elsevier.com/gej-ng/31/29/23/138/48/show/Products/notes/index.htt\#004},
  bibsource = {DBLP, http://dblp.uni-trier.de}
}

@inproceedings{MacQueenDependentModules,
  author = {MacQueen, David B.},
  title = "{Using Dependent Types to Express Modular Structure}",
  booktitle = {POPL '86: Proceedings of the 13th ACM SIGACT-SIGPLAN symposium on Principles of programming languages},
  year = {1986},
  pages = {277--286},
  location = {St. Petersburg Beach, Florida},
  doi = {http://doi.acm.org/10.1145/512644.512670},
  publisher = {ACM},
  address = {New York, NY, USA},
}

@phdthesis{FullyExpansive,
  author =       {Richard Boulton},
  title =        { Efficiency in a Fully-Expansive Theorem Prover },
  year =        1993,
  school =  { Cambridge University },  
}

@INPROCEEDINGS{CoqReflection,
    author = {Samuel Boutin},
    title = {Using Reflection to Build Efficient and Certified Decision Procedures},
    booktitle = {TACS. Springer-Verlag},
    series = {Lecture Notes in Computer Science},
    volume = {1281},
    year = {1997},
    pages = {515--529},
    publisher = {Springer-Verlag}
}

@inproceedings{isabelle-qe,
  author    = {Laura I. Meikle and
               Jacques D. Fleuriot},
  title     = {Combining Isabelle and QEPCAD-B in the Prover's Palette},
  booktitle = {AISC/MKM/Calculemus},
  year      = {2008},
  pages     = {315-330},
  ee        = {http://dx.doi.org/10.1007/978-3-540-85110-3_27},
  crossref  = {DBLP:conf/aisc/2008},
  bibsource = {DBLP, http://dblp.uni-trier.de}
}

@article{IsabelleSledgehammer,
  author    = {Jia Meng and
               Claire Quigley and
               Lawrence C. Paulson},
  title     = "{Automation for interactive proof: First prototype}",
  journal   = {Inf. Comput.},
  volume    = {204},
  number    = {10},
  year      = {2006},
  pages     = {1575-1596},
  ee        = {http://dx.doi.org/10.1016/j.ic.2005.05.010},
  bibsource = {DBLP, http://dblp.uni-trier.de}
}

@article{HalesFormalisingCost,
  author    = {Thomas Hales},
  title     = {Formal Proof},
  journal   = {Notices of the American Mathematical Society},
  volume    = {55},
  issue     = {11},
  pages     = {1370-1381},
  year      = {2008},
}

@article{SignedAreaMethod,
  author    = {Jing-Zhong Zhang, Shang-Ching Chou, Xiao-Shan Gao},
  title     = "{Automated Production of Traditional Proofs for Theorems in Euclidean geometry}",
  journal   = {Annals of Mathematics and Artificial Intelligence},
  volume    = {13},
  number    = {1-2},
  year      = {1995},
  pages     = {109-138},
  bibsource = {DBLP, http://dblp.uni-trier.de}
}

@article{PlatoHilbertReview,
  jstor_articletype = {secondary_review},
  title = {Review: [untitled]},
  author = {Jan von Plato},
  journal = {The Bulletin of Symbolic Logic},
  jstor_issuetitle = {},
  volume = {12},
  number = {3},
  jstor_formatteddate = {Sep., 2006},
  pages = {492--494},
  reviewedwork_1 = {David Hilbert's Lectures on the Foundations of Geometry 1891-1902},
  reviewedauthor_1 = {{Hallett, Michael} and {Majer, Ulrich} and {Hilbert, David}},
  url = {http://www.jstor.org/stable/3699484},
  ISSN = {10798986},
  abstract = {},
  language = {},
  year = {2006},
  publisher = {Association for Symbolic Logic},    
  copyright = {Copyright © 2006 Association for Symbolic Logic},
}

@proceedings{PVS,
  author    = {Sam Owre and
               S. Rajan and
               John M. Rushby and
               Natarajan Shankar and
               Mandayam K. Srivas},
  booktitle = {Computer Aided Verification},
  editor    = {Rajeev Alur and
               Thomas A. Henzinger},
  title     = {Computer Aided Verification, 8th International Conference,
               CAV '96, New Brunswick, NJ, USA, July 31 - August 3, 1996,
               Proceedings},
  publisher = {Springer},
  series    = {Lecture Notes in Computer Science},
  volume    = {1102},
  pages     = {411-414},
  year      = {1996},
  isbn      = {3-540-61474-5},
  bibsource = {DBLP, http://dblp.uni-trier.de}
}

@proceedings{HarrisonMESON,
  author    = {John Harrison},
  editor    = {Michael A. McRobbie and
               John K. Slaney},
  title     = "{Optimizing proof search in model elimination}",
  booktitle = {CADE},
  publisher = {Springer},
  series    = {Lecture Notes in Computer Science},
  volume    = {1104},
  year      = {1996},
  isbn      = {3-540-61511-3},
  bibsource = {DBLP, http://dblp.uni-trier.de},
}

@misc{OCaml,
    howpublished = {http://caml.inria.fr/},
    title = {Objective Caml (OCaml) programming language website.},
    url = {http://caml.inria.fr/},
}

@unpublished{ScottPhdProposal,
   author = {Phil Scott},
   title  = "{Towards a Faithful Verification of Foundations of Geometry}",
   year   = 2009,
   school = "University of Edinburgh",
}

